@article{jean2016combining,
  title={Combining satellite imagery and machine learning to predict poverty},
  author={Jean, Neal and Burke, Marshall and Xie, Michael and Davis, W Matthew and Lobell, David B and Ermon, Stefano},
  journal={Science},
  volume={353},
  number={6301},
  pages={790--794},
  year={2016},
  publisher={American Association for the Advancement of Science}
}
@inproceedings{xie2016transfer,
  title={Transfer learning from deep features for remote sensing and poverty mapping},
  author={Xie, Michael and Jean, Neal and Burke, Marshall and Lobell, David and Ermon, Stefano},
  booktitle={Thirtieth AAAI Conference on Artificial Intelligence},
  year={2016}
}

@article{mullainathan2017machine,
  title={Machine learning: an applied econometric approach},
  author={Mullainathan, Sendhil and Spiess, Jann},
  journal={Journal of Economic Perspectives},
  volume={31},
  number={2},
  pages={87--106},
  year={2017}
}

@misc{jin2017method,
  title={Method and system for automatic registration of images},
  author={Jin, Xiaoying and Schafer, Robert},
  year={2017},
  month=aug # "~22",
  publisher={Google Patents},
  note={US Patent 9,740,950}
}

@article{chen2006remote,
  title={Remote sensing image-based analysis of the relationship between urban heat island and land use/cover changes},
  author={Chen, Xiao-Ling and Zhao, Hong-Mei and Li, Ping-Xiang and Yin, Zhi-Yong},
  journal={Remote sensing of environment},
  volume={104},
  number={2},
  pages={133--146},
  year={2006},
  publisher={Elsevier}
}

@article{zhao2016spectral,
  title={Spectral--spatial feature extraction for hyperspectral image classification: A dimension reduction and deep learning approach},
  author={Zhao, Wenzhi and Du, Shihong},
  journal={IEEE Transactions on Geoscience and Remote Sensing},
  volume={54},
  number={8},
  pages={4544--4554},
  year={2016},
  publisher={IEEE}
}


@article{pokhriyal2017combining,
  title={Combining disparate data sources for improved poverty prediction and mapping},
  author={Pokhriyal, Neeti and Jacques, Damien Christophe},
  journal={Proceedings of the National Academy of Sciences},
  volume={114},
  number={46},
  pages={E9783--E9792},
  year={2017},
  publisher={National Acad Sciences}
}


@techreport{christiaensen2010reliability,
  title={The reliability of small area estimation prediction methods to track poverty},
  author={Christiaensen, Luc and Lanjouw, Peter and Luoto, Jill and Stifel, David},
  year={2010},
  institution={Working paper//World Institute for Development Economics Research}
}




@article{perez2017poverty,
  title={Poverty prediction with public landsat 7 satellite imagery and machine learning},
  author={Perez, Anthony and Yeh, Christopher and Azzari, George and Burke, Marshall and Lobell, David and Ermon, Stefano},
  journal={arXiv preprint arXiv:1711.03654},
  year={2017}
}

@article{kyba2017artificially,
  title={Artificially lit surface of Earth at night increasing in radiance and extent},
  author={Kyba, Christopher CM and Kuester, Theres and De Miguel, Alejandro S{\'a}nchez and Baugh, Kimberly and Jechow, Andreas and H{\"o}lker, Franz and Bennie, Jonathan and Elvidge, Christopher D and Gaston, Kevin J and Guanter, Luis},
  journal={Science advances},
  volume={3},
  number={11},
  pages={e1701528},
  year={2017},
  publisher={American Association for the Advancement of Science}
}


@article{babenko2017poverty,
  title={Poverty Mapping Using Convolutional Neural Networks Trained on High and Medium Resolution Satellite Images, With an Application in Mexico},
  author={Babenko, Boris and Hersh, Jonathan and Newhouse, David and Ramakrishnan, Anusha and Swartz, Tom},
  year={2017}
}


@INPROCEEDINGS{8122666,
author={T. {Akilan} and Q. M. J. {Wu} and A. {Safaei} and W. {Jiang}},
booktitle={2017 IEEE International Conference on Systems, Man, and Cybernetics (SMC)},
title={A late fusion approach for harnessing multi-cnn model high-level features},
year={2017},
volume={},
number={},
pages={566-571},
month={Oct},}

@inproceedings{piaggesi2019predicting,
  title={Predicting City Poverty Using Satellite Imagery},
  author={Piaggesi, Simone and Gauvin, Laetitia and Tizzoni, Michele and Cattuto, Ciro and Adler, Natalia and Verhulst, Stefaan and Young, Andrew and Price, Rhiannan and Ferres, Leo and Panisson, Andre},
  booktitle={Proceedings of the IEEE Conference on Computer Vision and Pattern Recognition Workshops},
  pages={90--96},
  year={2019}
}



@article{munyati2014inferring,
  title={Inferring urban household socio-economic conditions in Mafikeng, South Africa, using high spatial resolution satellite imagery},
  author={Munyati, Christopher and Motholo, Gaolatlhe L},
  journal={Urban, Planning and Transport Research},
  volume={2},
  number={1},
  pages={57--71},
  year={2014},
  publisher={Taylor \& Francis}
}


@article{ghosh2013using,
  title={Using nighttime satellite imagery as a proxy measure of human well-being},
  author={Ghosh, Tilottama and Anderson, Sharolyn J and Elvidge, Christopher D and Sutton, Paul C},
  journal={Sustainability},
  volume={5},
  number={12},
  pages={4988--5019},
  year={2013},
  publisher={Multidisciplinary Digital Publishing Institute}
}